@article{Estacio:2016,
  title={The {QUESO} Library},
  author={Estacio-Hiroms, K.C. and Prudencio, E.E. and Malaya, N.P. and Vohra, M. and McDougall, D.},
  journal={Userâ€™s Manual. arXiv preprint},
  year={2016}
}
